%%%%%%%%%%%%%%%%%%%%%%%%%%%%%%%%%%%%%%%%%%%%%%%%%%%%%%%%%%%%%%%%%%%%%%%%%%%%%%%%%%%%%%%%%%%%%%%%%%
%%%%%%%%%%%%%%%%%%%%%%%%%%%%%%%%%%%%%%%%%  Introduction  %%%%%%%%%%%%%%%%%%%%%%%%%%%%%%%%%%%%%%%%%
%%%%%%%%%%%%%%%%%%%%%%%%%%%%%%%%%%%%%%%%%%%%%%%%%%%%%%%%%%%%%%%%%%%%%%%%%%%%%%%%%%%%%%%%%%%%%%%%%%

@article{iasemidis1994time,
  title={Time dependencies in the occurrences of epileptic seizures},
  author={Iasemidis, Leonidas D and Olson, Larry D and Savit, Robert S and Sackellares, J Chris},
  journal={Epilepsy research},
  volume={17},
  number={1},
  pages={81--94},
  year={1994},
  publisher={Elsevier}
}


@article{hyndman1996computing,
  title={Computing and graphing highest density regions},
  author={Hyndman, Rob J},
  journal={The American Statistician},
  volume={50},
  number={2},
  pages={120--126},
  year={1996},
  publisher={Taylor \& Francis}
}


@article{rosenblum1997phase,
  title={From phase to lag synchronization in coupled chaotic oscillators},
  author={Rosenblum, Michael G and Pikovsky, Arkady S and Kurths, J{\"u}rgen},
  journal={Physical Review Letters},
  volume={78},
  number={22},
  pages={4193},
  year={1997},
  publisher={APS}
}

@article{lachaux1999measuring,
  title={Measuring phase synchrony in brain signals},
  author={Lachaux, Jean-Philippe and Rodriguez, Eugenio and Martinerie, Jacques and Varela, Francisco J},
  journal={Human brain mapping},
  volume={8},
  number={4},
  pages={194--208},
  year={1999},
  publisher={Wiley Online Library}
}

@book{kandel2000principles,
  title={Principles of neural science},
  author={Kandel, Eric R and Schwartz, James H and Jessell, Thomas M and Siegelbaum, Steven and Hudspeth, A James and Mack, Sarah},
  volume={4},
  year={2000},
  publisher={McGraw-hill New York}
}


@inproceedings{rasmussen2003gaussian,
  title={Gaussian processes in machine learning},
  author={Rasmussen, Carl Edward},
  booktitle={Summer school on machine learning},
  pages={63--71},
  year={2003},
  organization={Springer}
}

@article{kalitzin2005electrical,
  title={Electrical brain-stimulation paradigm for estimating the seizure onset site and the time to ictal transition in temporal lobe epilepsy},
  author={Kalitzin, S and Velis, D and Suffczynski, P and Parra, J and Da Silva, F Lopes},
  journal={Clinical neurophysiology},
  volume={116},
  number={3},
  pages={718--728},
  year={2005},
  publisher={Elsevier}
}


 @misc{rasmussen2006cki,
  title={CKI Williams Gaussian processes for machine learning},
  author={Rasmussen, CE},
  year={2006},
  publisher={MIT Press Cambridge, MA, USA:}
}
  publisher={Springer}
}

@book{10.5555/1162264,
author = {Bishop, Christopher M.},
title = {Pattern Recognition and Machine Learning (Information Science and Statistics)},
year = {2006},
isbn = {0387310738},
publisher = {Springer-Verlag},
address = {Berlin, Heidelberg}
}

@article{mormann2007seizure,
  title={Seizure prediction: the long and winding road},
  author={Mormann, Florian and Andrzejak, Ralph G and Elger, Christian E and Lehnertz, Klaus},
  journal={Brain},
  volume={130},
  number={2},
  pages={314--333},
  year={2007},
  publisher={Oxford University Press}
}

@article{gelman2008objections,
  title={Objections to Bayesian statistics},
  author={Gelman, Andrew},
  journal={Bayesian Analysis},
  volume={3},
  number={3},
  pages={445--449},
  year={2008},
  publisher={International Society for Bayesian Analysis}
}

@inproceedings{mirowski2008comparing,
  title={Comparing SVM and convolutional networks for epileptic seizure prediction from intracranial EEG},
  author={Mirowski, Piotr W and LeCun, Yann and Madhavan, Deepak and Kuzniecky, Ruben},
  booktitle={2008 IEEE workshop on machine learning for signal processing},
  pages={244--249},
  year={2008},
  organization={IEEE}
}

@article{kelley2009ninds,
  title={The NINDS epilepsy research benchmarks},
  author={Kelley, Melinda S and Jacobs, Margaret P and Lowenstein, Daniel H},
  journal={Epilepsia},
  volume={50},
  number={3},
  pages={579},
  year={2009},
  publisher={NIH Public Access}
}

@article{mirowski2009classification,
  title={Classification of patterns of EEG synchronization for seizure prediction},
  author={Mirowski, Piotr and Madhavan, Deepak and LeCun, Yann and Kuzniecky, Ruben},
  journal={Clinical neurophysiology},
  volume={120},
  number={11},
  pages={1927--1940},
  year={2009},
  publisher={Elsevier}
}

@article{davis2011novel,
  title={A novel implanted device to wirelessly record and analyze continuous intracranial canine EEG},
  author={Davis, Kathryn A and Sturges, Beverly K and Vite, Charles H and Ruedebusch, Vanessa and Worrell, Gregory and Gardner, Andrew B and Leyde, Kent and Sheffield, W Douglas and Litt, Brian},
  journal={Epilepsy research},
  volume={96},
  number={1-2},
  pages={116--122},
  year={2011},
  publisher={Elsevier}
}

@incollection{mcgrayne2011theory,
  title={The theory that would not die},
  author={McGrayne, Sharon Bertsch},
  booktitle={The Theory That Would Not Die},
  year={2011},
  publisher={Yale University Press}
}

@article{ihle2012epilepsiae,
  title={EPILEPSIAE--A European epilepsy database},
  author={Ihle, Matthias and Feldwisch-Drentrup, Hinnerk and Teixeira, C{\'e}sar A and Witon, Adrien and Schelter, Bj{\"o}rn and Timmer, Jens and Schulze-Bonhage, Andreas},
  journal={Computer methods and programs in biomedicine},
  volume={106},
  number={3},
  pages={127--138},
  year={2012},
  publisher={Elsevier}
}

@article{coles2013feasibility,
title = {Feasibility study of a caregiver seizure alert system in canine epilepsy},
journal = {Epilepsy Research},
volume = {106},
number = {3},
pages = {456--460},
year = {2013},
issn = {0920-1211},
doi = {https://doi.org/10.1016/j.eplepsyres.2013.06.007},
url = {https://www.sciencedirect.com/science/article/pii/S092012111300171X},
author = {Lisa D. Coles and Edward E. Patterson and W. Douglas Sheffield and Jaideep Mavoori and Jason Higgins and Bland Michael and Kent Leyde and James C. Cloyd and Brian Litt and Charles Vite and Gregory A. Worrell},
}

@article{kingma2014adam,
  title={Adam: A method for stochastic optimization},
  author={Kingma, Diederik P and Ba, Jimmy},
  journal={arXiv preprint arXiv:1412.6980},
  year={2014}
}

@misc{kaggle2014contests,
title={seizure detection \& prediction challenges},
author={{UPenn and Mayo Clinic} and Kaggle},
year={2014},
publisher={Kaggle},
NOTE = "\url{https://www.kaggle.com/c/seizure-detection} and
         \url{https://www.kaggle.com/c/seizure-prediction}",
}
 
@book{theodoridis2015machine,
  title={Machine learning: a Bayesian and optimization perspective},
  author={Theodoridis, Sergios},
  year={2015},
  publisher={Academic press}
}

@article{halford2015inter,
  title={Inter-rater agreement on identification of electrographic seizures and periodic discharges in ICU EEG recordings},
  author={Halford, JJ and Shiau, D and Desrochers, JA and Kolls, BJ and Dean, BC and Waters, CG and Azar, NJ and Haas, KF and Kutluay, E and Martz, GU and others},
  journal={Clinical Neurophysiology},
  volume={126},
  number={9},
  pages={1661--1669},
  year={2015},
  publisher={Elsevier}
}

@article{mormann2016seizure,
  title={Seizure prediction: making mileage on the long and winding road},
  author={Mormann, Florian and Andrzejak, Ralph G},
  journal={Brain},
  volume={139},
  number={6},
  pages={1625--1627},
  year={2016},
  publisher={Oxford University Press}
}


@article{karoly2017circadian,
  title={The circadian profile of epilepsy improves seizure forecasting},
  author={Karoly, Philippa J and Ung, Hoameng and Grayden, David B and Kuhlmann, Levin and Leyde, Kent and Cook, Mark J and Freestone, Dean R},
  journal={Brain},
  volume={140},
  number={8},
  pages={2169--2182},
  year={2017},
  publisher={Oxford University Press}
}

@article{dumanis2017seizure,
  title={Seizure forecasting from idea to reality. Outcomes of the my seizure gauge epilepsy innovation institute workshop},
  author={Dumanis, Sonya B and French, Jaqueline A and Bernard, Christophe and Worrell, Gregory A and Fureman, Brandy E},
  journal={Eneuro},
  volume={4},
  number={6},
  year={2017},
  publisher={Society for Neuroscience}
}

@inproceedings{gardner2018gpytorch,
  title={GPyTorch: Blackbox Matrix-Matrix Gaussian Process Inference with GPU Acceleration},
  author={Gardner, Jacob R and Pleiss, Geoff and Bindel, David and Weinberger, Kilian Q and Wilson, Andrew Gordon},
  booktitle={Advances in Neural Information Processing Systems},
  year={2018}
}

@article{lehnertz2017capturing,
  title={Capturing time-varying brain dynamics},
  author={Lehnertz, Klaus and Geier, Christian and Rings, Thorsten and Stahn, Kirsten},
  journal={EPJ Nonlinear Biomedical Physics},
  volume={5},
  pages={2},
  year={2017},
  publisher={EDP Sciences}
}

@article{scheffer2017ilae,
  title={ILAE classification of the epilepsies: position paper of the ILAE Commission for Classification and Terminology},
  author={Scheffer, Ingrid E and Berkovic, Samuel and Capovilla, Giuseppe and Connolly, Mary B and French, Jacqueline and Guilhoto, Laura and Hirsch, Edouard and Jain, Satish and Mathern, Gary W and Mosh{\'e}, Solomon L and others},
  journal={Epilepsia},
  volume={58},
  number={4},
  pages={512--521},
  year={2017},
  publisher={Wiley Online Library}
}

@article{jirsa2017virtual,
  title={The virtual epileptic patient: individualized whole-brain models of epilepsy spread},
  author={Jirsa, Viktor K and Proix, Timoth{\'e}e and Perdikis, Dionysios and Woodman, Michael Marmaduke and Wang, Huifang and Gonzalez-Martinez, Jorge and Bernard, Christophe and B{\'e}nar, Christian and Guye, Maxime and Chauvel, Patrick and others},
  journal={Neuroimage},
  volume={145},
  pages={377--388},
  year={2017},
  publisher={Elsevier}
}

@article{baud2018multi,
  title={Multi-day rhythms modulate seizure risk in epilepsy},
  author={Baud, Maxime O and Kleen, Jonathan K and Mirro, Emily A and Andrechak, Jason C and King-Stephens, David and Chang, Edward F and Rao, Vikram R},
  journal={Nature communications},
  volume={9},
  number={1},
  pages={1--10},
  year={2018},
  publisher={Nature Publishing Group}
}

@article{kuhlmann2018seizure,
  title={Seizure prediction—ready for a new era},
  author={Kuhlmann, Levin and Lehnertz, Klaus and Richardson, Mark P and Schelter, Bj{\"o}rn and Zaveri, Hitten P},
  journal={Nature Reviews Neurology},
  volume={14},
  number={10},
  pages={618--630},
  year={2018},
  publisher={Nature Publishing Group}
}

@inproceedings{schiratti2018ensemble,
  title={An ensemble learning approach to detect epileptic seizures from long intracranial EEG recordings},
  author={Schiratti, J-B and Le Douget, Jean-Eudes and Le van Quyen, Michel and Essid, Slim and Gramfort, Alexandre},
  booktitle={2018 IEEE International Conference on Acoustics, Speech and Signal Processing (ICASSP)},
  pages={856--860},
  year={2018},
  organization={IEEE}
}

@inproceedings{mne_features_2018,
  TITLE = {{An ensemble learning approach to detect epileptic seizures from long intracranial EEG recordings}},
  AUTHOR = {Schiratti, Jean-Baptiste and Le Douget, Jean-Eudes and Le van Quyen, Michel and Essid, Slim and Gramfort, Alexandre},
  URL = {https://hal.archives-ouvertes.fr/hal-01724272},
  BOOKTITLE = {{International Conference on Acoustics, Speech, and Signal Processing}},
  ADDRESS = {Calgary, Canada},
  YEAR = {2018},
  MONTH = Apr,
  KEYWORDS = {Intracranial EEG ; Machine learning ; Epilepsy and seizures},
  PDF = {https://hal.archives-ouvertes.fr/hal-01724272/file/ICASSP.pdf},
  HAL_ID = {hal-01724272},
  HAL_VERSION = {v1},
}

@article{acharya2018deep,
  title={Deep convolutional neural network for the automated detection and diagnosis of seizure using EEG signals},
  author={Acharya, U Rajendra and Oh, Shu Lih and Hagiwara, Yuki and Tan, Jen Hong and Adeli, Hojjat},
  journal={Computers in biology and medicine},
  volume={100},
  pages={270--278},
  year={2018},
  publisher={Elsevier}
}

@inproceedings{craley2019integrating,
  title={Integrating convolutional neural networks and probabilistic graphical modeling for epileptic seizure detection in multichannel EEG},
  author={Craley, Jeff and Johnson, Emily and Venkataraman, Archana},
  booktitle={International Conference on Information Processing in Medical Imaging},
  pages={291--303},
  year={2019},
  organization={Springer}
}

@software{Falcon_PyTorch_Lightning_2019,
author = {Falcon, William and {The PyTorch Lightning team}},
doi = {10.5281/zenodo.3828935},
license = {Apache-2.0},
month = {3},
title = {{PyTorch Lightning}},
url = {https://github.com/PyTorchLightning/pytorch-lightning},
version = {1.4},
year = {2019}
}

@article{nejedly2019deep,
  title={Deep-learning for seizure forecasting in canines with epilepsy},
  author={Nejedly, Petr and Kremen, Vaclav and Sladky, Vladimir and Nasseri, Mona and Guragain, Hari and Klimes, Petr and Cimbalnik, Jan and Varatharajah, Yogatheesan and Brinkmann, Benjamin H and Worrell, Gregory A},
  journal={Journal of neural engineering},
  volume={16},
  number={3},
  pages={036031},
  year={2019},
  publisher={IOP Publishing}
}

@article{baud2020chance,
  title={Chance and risk in epilepsy},
  author={Baud, Maxime O and Proix, Timoth{\'e}e and Rao, Vikram R and Schindler, Kaspar},
  journal={Current opinion in neurology},
  volume={33},
  number={2},
  pages={163--172},
  year={2020},
  publisher={LWW}
}

@article{rasheed2020machine,
  title={Machine learning for predicting epileptic seizures using EEG signals: A review},
  author={Rasheed, Khansa and Qayyum, Adnan and Qadir, Junaid and Sivathamboo, Shobi and Kwan, Patrick and Kuhlmann, Levin and O'Brien, Terence and Razi, Adeel},
  journal={IEEE Reviews in Biomedical Engineering},
  volume={14},
  pages={139--155},
  year={2021},
  publisher={IEEE}
}

@article{goldstein2021documentation,
title = {Seizure documentation in people living with epilepsy},
journal = {Epilepsy \& Behavior},
volume = {125},
pages = {108383},
year = {2021},
issn = {1525-5050},
doi = {https://doi.org/10.1016/j.yebeh.2021.108383},
url = {https://www.sciencedirect.com/science/article/pii/S1525505021006442},
author = {Jonathan Goldstein and Churl-Su Kwon and Michael Harmon and Jeffrey Buchhalter and Alison Kukla and Susan McCallum and Lisa Raman and Susan T. Herman and Brandy Fureman and Nathalie Jette},
keywords = {Seizure diary, Electronic diary, Patient-reported outcomes}
}

@article{handa2021open,
  title={Open and free EEG datasets for epilepsy diagnosis},
  author={Handa, Palak and Mathur, Monika and Goel, Nidhi},
  journal={arXiv preprint arXiv:2108.01030},
  year={2021}
}

@article{maimaiti2021overview,
  title={An Overview of EEG-based Machine Learning Methods in Seizure Prediction and Opportunities for Neurologists in this Field},
  author={Maimaiti, Buajieerguli and Meng, Hongmei and Lv, Yudan and Qiu, Jiqing and Zhu, Zhanpeng and Xie, Yinyin and Li, Yue and Zhao, Weixuan and Liu, Jiayu and Li, Mingyang and others},
  journal={Neuroscience},
  year={2021},
  publisher={Elsevier}
}

% cff-version: 1.2.0
% message: "If you want to cite the framework, feel free to use this (but only if you loved it ��)"
% title: "PyTorch Lightning"
% abstract: "The lightweight PyTorch wrapper for high-performance AI research. Scale your models, not the boilerplate."
% date-released: 2019-03-30
% authors:
%   - family-names: "Falcon"
%     given-names: "William"
%   - name: "The PyTorch Lightning team"
% version: 1.4
% doi: 10.5281/zenodo.3828935
% license: "Apache-2.0"
% url: "https://www.pytorchlightning.ai"
% repository-code: "https://github.com/PyTorchLightning/pytorch-lightning"
% keywords:
%   - machine learning
%   - deep learning
%   - artificial intelligence
@article{karoly2021cycles,
  title={Cycles in epilepsy},
  author={Karoly, Philippa J and Rao, Vikram R and Gregg, Nicholas M and Worrell, Gregory A and Bernard, Christophe and Cook, Mark J and Baud, Maxime O},
  journal={Nature Reviews Neurology},
  volume={17},
  number={5},
  pages={267--284},
  year={2021},
  publisher={Nature Publishing Group}
}

@article{bosl2021prediction,
  title={Prediction of seizure recurrence. A note of caution},
  author={Bosl, William J and Leviton, Alan and Loddenkemper, Tobias},
  journal={Frontiers in Neurology},
  volume={12},
  pages={675728},
  year={2021},
  publisher={Frontiers Media SA}
}

@article{vattikonda2021identifying,
  title={Identifying spatio-temporal seizure propagation patterns in epilepsy using Bayesian inference},
  author={Vattikonda, Anirudh N and Hashemi, Meysam and Sip, Viktor and Woodman, Marmaduke M and Bartolomei, Fabrice and Jirsa, Viktor K},
  journal={Communications biology},
  volume={4},
  number={1},
  pages={1--13},
  year={2021},
  publisher={Nature Publishing Group}
}

@article{proix2021forecasting,
  title={Forecasting seizure risk in adults with focal epilepsy: a development and validation study},
  author={Proix, Timoth{\'e}e and Truccolo, Wilson and Leguia, Marc G and Tcheng, Thomas K and King-Stephens, David and Rao, Vikram R and Baud, Maxime O},
  journal={The Lancet Neurology},
  volume={20},
  number={2},
  pages={127--135},
  year={2021},
  publisher={Elsevier}
}


% software used
@article{baud2022seizure,
  title={Seizure forecasting: bifurcations in the long and winding road},
  author={Baud, Maxime O and Proix, Timoth{\'e}e and Gregg, Nicholas M and Brinkmann, Benjamin H and Nurse, Ewan S and Cook, Mark J and Karoly, Philippa J},
  journal={Epilepsia},
  year={2022},
  publisher={Wiley Online Library}
}

@inproceedings{sklearn_api,
  author    = {Lars Buitinck and Gilles Louppe and Mathieu Blondel and
               Fabian Pedregosa and Andreas Mueller and Olivier Grisel and
               Vlad Niculae and Peter Prettenhofer and Alexandre Gramfort
               and Jaques Grobler and Robert Layton and Jake VanderPlas and
               Arnaud Joly and Brian Holt and Ga{\"{e}}l Varoquaux},
  title     = {{API} design for machine learning software: experiences from the scikit-learn
               project},
  booktitle = {ECML PKDD Workshop: Languages for Data Mining and Machine Learning},
  year      = {2013},
  pages = {108--122},
}